@incollection{reid2002thomas,
  title={Thomas Reid: Essays on the Intellectual Powers of Man},
  author={Reid, Thomas and Brookes, Derek and Haakonssen, Knud},
  booktitle={Thomas Reid-Essays on the Intellectual Powers of Man},
  year={2002},
  publisher={Edinburgh University Press}
}

@book{russell2007logic,
  title={Logic and knowledge: Essays 1901-1950},
  author={Russell, Bertrand},
  year={2007},
  publisher={Spokesman Books}
}

@article{russell2015analysis,
  title={Analysis of Matter (1927)},
  author={Russell, Bertrand},
  journal={{Consciousness in the Physical World: Perspectives on Russellian Monism}},
  pages={29},
  year={2015},
  publisher={Oxford University Press}
}

@book{coady1992testimony,
  title={Testimony: A philosophical study},
  author={Coady, Cecil Anthony John},
  year={1992},
  publisher={Clarendon Press}
}